@inproceedings{paranjape2017motifs,
  title={Motifs in temporal networks},
  author={Paranjape, Ashwin and Benson, Austin R and Leskovec, Jure},
  booktitle={Proceedings of the Tenth ACM International Conference on Web Search and Data Mining},
  pages={601--610},
  year={2017},
  organization={ACM}
}